@INPROCEEDINGS{Pytracebugs,
  author={Akimova, Elena N. and Bersenev, Alexander Yu. and Deikov, Artem A. and Kobylkin, Konstantin S. and Konygin, Anton V. and Mezentsev, Ilya P. and Misilov, Vladimir E.},
  booktitle={2021 28th Asia-Pacific Software Engineering Conference (APSEC)}, 
  title={PyTraceBugs: A Large Python Code Dataset for Supervised Machine Learning in Software Defect Prediction}, 
  year={2021},
  volume={},
  number={},
  pages={141-151},
  keywords={Training;Deep learning;Codes;Computer bugs;Predictive models;Software;Labeling;defect prediction;bug dataset;data mining},
  doi={10.1109/APSEC53868.2021.00022}}

@INPROCEEDINGS{Assenmacher1993,
  author = {Hans Assenmacher and Tedy Breitbach and Paul Buhler and Visk H{\"u}bsch and Robert Schwarz},
  title = {{P}anda},
  booktitle = {},
  year = {1993},
  pages = {361-383},
  address = {Berlin},
  organization = {European Conference on Object-Oriented Programming},
  publisher = {Springer},
  note = {(Lecture Notes in Computer Science, v. 707)},
  conference-number = {7},
  conference-year = {1993},
  conference-location = {Kaiserslautern},
  subtitle = {supporting Distributed Programming in {L}++},
}
@inproceedings{kulkarni2024graph,
  title={Graph-Based Fault Localization in Python Projects with Class-Imbalanced Learning},
  author={Kulkarni, Apoorva Anand and Niranjan, Divya G and Saju, Noel and Shenoy, P Rakshith and Arya, Arti},
  booktitle={International Conference on Engineering Applications of Neural Networks},
  pages={354--368},
  year={2024},
  organization={Springer}
}
@inproceedings{zhao2024coding,
  title={Coding-ptms: How to find optimal code pre-trained models for code embedding in vulnerability detection?},
  author={Zhao, Yu and Gong, Lina and Huang, Zhiqiu and Wang, Yongwei and Wei, Mingqiang and Wu, Fei},
  booktitle={Proceedings of the 39th IEEE/ACM International Conference on Automated Software Engineering},
  pages={1732--1744},
  year={2024}
}
@misc{hui2024qwen25codertechnicalreport,
      title={Qwen2.5-Coder Technical Report}, 
      author={Binyuan Hui and Jian Yang and Zeyu Cui and Jiaxi Yang and Dayiheng Liu and Lei Zhang and Tianyu Liu and Jiajun Zhang and Bowen Yu and Keming Lu and Kai Dang and Yang Fan and Yichang Zhang and An Yang and Rui Men and Fei Huang and Bo Zheng and Yibo Miao and Shanghaoran Quan and Yunlong Feng and Xingzhang Ren and Xuancheng Ren and Jingren Zhou and Junyang Lin},
      year={2024},
      eprint={2409.12186},
      archivePrefix={arXiv},
      primaryClass={cs.CL},
      url={https://arxiv.org/abs/2409.12186}, 
}
@online{Codestral_202501,
  title={Codestral 2501},
  author={MistralAi},
  url={https://mistral.ai/news/codestral-2501},
  urldate={2025-01-25},
  year={2025}
}

@misc{wang2025functionalcorrectnessinvestigatingcoding,
      title={Beyond Functional Correctness: Investigating Coding Style Inconsistencies in Large Language Models}, 
      author={Yanlin Wang and Tianyue Jiang and Mingwei Liu and Jiachi Chen and Mingzhi Mao and Xilin Liu and Yuchi Ma and Zibin Zheng},
      year={2025},
      eprint={2407.00456},
      archivePrefix={arXiv},
      primaryClass={cs.SE},
      url={https://arxiv.org/abs/2407.00456}, 
}